@book{tapl,
 author = {Pierce, Benjamin C.},
 title = {Types and programming languages},
 year = {2002},
 isbn = {0-262-16209-1},
 publisher = {MIT Press},
 address = {Cambridge, MA, USA},
} 

@inproceedings{oliveira12implicit,
 author = {Oliveira, B. C. d. S. and Schrijvers, T. and Choi, W. and Lee, W. and Yi, K.},
 title = {The Implicit Calculus: A New Foundation for Generic Programming},
 booktitle = {PLDI '12},
 year = {2012}
} 

@inproceedings{assoctypes,
 author = {M. Chakravarty and G. Keller and Peyton Jones, S. L. and S. Marlow},
 title = {Associated types with class},
 booktitle = {POPL},
 year = {2005},                  
} 

@inproceedings{assoctypes2,
 author = {M. Chakravarty and G. Keller and Peyton Jones, S. L.},
 title = {Associated type synonyms},
 booktitle = {ICFP},
 year = {2005},                  
}

@INPROCEEDINGS{musser88genericprogramming,
    author = {Musser, D. and Stepanov, A.},
    title = {Generic Programming},
    booktitle = {Symbolic and algebraic computation: ISSAC ’88},
    year = {1988},
    pages = {13--25},
    publisher = {Springer}
}

@inproceedings{reis06specifying,
 author = {Dos Reis, G. and Stroustrup, B.},
 title = {Specifying {C}++ concepts},
 booktitle = {POPL '06},
 year = {2006},
 pages = {295--308}
 }

@INPROCEEDINGS{jansson96polytypic,
    author = {P. Jansson and J. Jeuring},
    title = {Polytypic programming},
    booktitle = {AFP},
    year = {1996},
    publisher = {Springer-Verlag}
}

@book{musser95stl,
 author = {Musser, D. R. and Saini, A.},
 title = {The  STL Tutorial and Reference Guide: C++ Programming with the Standard Template Library},
 year = {1995},
 publisher = {Addison Wesley Longman Publishing Co., Inc.},
 }

@Misc{boost,
  key = "Boost",
  title =	 {{The Boost C++ libraries}},
  howpublished = {http://www.boost.org/},
  year = "2010"
}

@Misc{siek11concepts,
  author = {Siek, J. G.},
  title =	 {{The C++0x “Concepts” Effort}},
  howpublished = {\url{http://ecee.colorado.edu/~siek/concepts_effort.pdf}},
  year = "2011"
}


@inproceedings{fundeps,
 author = {M. P. Jones},
 title = {Type Classes with Functional Dependencies},
 booktitle = {ESOP},
 year = {2000},                  
}

@misc{quantified, 
 author = {{H}askell II Committee},
 title = {Quantified contexts},
 note = {\url{http://www.haskell.org/haskellwiki/Quantified_contexts}}
}
                  
@inproceedings{sybclass,
 author = {R. L\"{a}mmel and Peyton Jones, S. L.},
 title = {Scrap your boilerplate with class: extensible generic functions},
 booktitle = {ICFP},
 year = {2005},                  
}

@inproceedings{garcia03comparative,
 author = {Garcia, R. and Jarvi, J. and Lumsdaine, A. and Siek, J. G. and Willcock, J.},
 title = {A comparative study of language support for generic programming},
 booktitle = {OOPSLA},
 year = {2003}
} 


@article{garcia07extended,
 author = {Garcia, R. and Jarvi, J. and Lumsdaine, A. and Siek, J. G. and Willcock, J.},
 title = {An extended comparative study of language support for generic programming},
 journal = {J. Funct. Program.},
 volume = {17},
 number = {2},
 year = {2007},
 pages = {145--205}
 }

@inproceedings{instanceargs,
 author = {D. Devriese and F. Piessens},
 title = {On the Bright Side of Type Classes: Instance Arguments in {A}gda},
 booktitle = {ICFP},
 year = {2011},                  
}

@inproceedings{haftmann06constructive,
  author    = {F. Haftmann. and M. Wenzel},
  title     = {Constructive Type Classes in {{I}sabelle}},
  booktitle = {TYPES},
 year = {2006},                  
}

@MISC{wenzel00usingaxiomatic,
    author = {Markus Wenzel and Tu München},
    title = {Using Axiomatic Type Classes in {I}sabelle},
    year = {2000}
}

@inproceedings{coqclasses,
 author = {M. Sozeau and N. Oury},
 title = {First-Class Type Classes},
 booktitle = {TPHOLs},
 year = {2008},                  
} 

@inproceedings{logic_over,
 author = {M. Neubauer and P. Thiemann and M. Gasbichler and M Sperber},
 title = {Functional logic overloading},
 booktitle = {POPL},
 year = {2002},                  
}

@inproceedings{snd_over,
 author = {M. Odersky and P. L. Wadler and M. Wehr},
 title = {A second look at overloading},
 booktitle = {FPCA},
 year = {1995},                  
} 

@inproceedings{implicits,
 author = {Oliveira, B. C. d. S. and A. Moors and M. Odersky},
 title = {Type classes as objects and implicits},
 booktitle = {OOPSLA},
 year = {2010},                  
} 

@inproceedings{theory_over,
 author = {P. J. Stuckey and M. Sulzmann},
 title = {A theory of overloading},
 booktitle = {ICFP},
 year = {2002},                  
}

@inproceedings{concepts,
 author = {D. Gregor and J. J\"{a}rvi and Siek, J. G. and B. Stroustrup and Dos Reis, G. and A. Lumsdaine},
 title = {Concepts: linguistic support for generic programming in C++},
 booktitle = {OOPSLA},
 year = {2006},                  
} 

@article{G,
 author = {Siek, J. G. and A. Lumsdaine},
 title = {A language for generic programming in the large},
 journal = {Science of Computer Programming},
 volume = {76(5)},
 year = {2011}
} 

@inproceedings{semantics_typeclass,
 author = {S. Thatt\'{e}},
 title = {Semantics of type classes revisited},
 booktitle = {LFP},
 year = {1994},                  
} 

@inproceedings{adhoc,
 author = {P. L. Wadler and S. Blott},
 title = {How to make ad-hoc polymorphism less ad hoc},
 booktitle = {POPL},
 year = {1989},                  
} 

@inproceedings{gonthier11lessad-doc,
 author = {Gonthier, Georges and Ziliani, Beta and Nanevski, Aleksandar and Dreyer, Derek},
 title = {How to Make Ad Hoc Proof Automation Less Ad Hoc},
 booktitle = {Proceedings of the 16th ACM SIGPLAN International Conference on Functional Programming},
 series = {ICFP '11},
 year = {2011},
 pages = {163--175},
 numpages = {13}
} 

@article{hindley69principal,
  title = {The Principal Type-Scheme of an Object in Combinatory Logic},
  author = {J. Roger Hindley},
  journal = {Transactions of the American Mathematical Society},
  volume = {146},
  number = {},
  pages = {29-60},
  year = {1969},
  publisher = {American Mathematical Society}
}

@article{milner78theory,
  author    = {Robin Milner},
  title     = {A Theory of Type Polymorphism in Programming},
  journal   = {J. Comput. Syst. Sci.},
  volume    = {17},
  number    = {3},
  year      = {1978},
  pages     = {348-375}
}

@inproceedings{damas82principal,
  author    = {Lu\'{\i}s Damas and
               Robin Milner},
  title     = {Principal Type-Schemes for Functional Programs},
  booktitle = {POPL},
  year      = {1982},
  pages     = {207-212}
}

@inproceedings{eisenberg14closed-tf,
  author = {Richard A. Eisenberg and Dimitrios Vytiniotis and Simon {Peyton Jones} and Stephanie Weirich},
  title = {Closed type families with overlapping equations.},
  booktitle = {POPL 2014: 41st ACM SIGPLAN-SIGACT Symposium on Principles of Programming Languages},
  year = 2014,
  address = {San Diego, CA, USA},
  annote = {To appear.}
}


@inproceedings{simpl_qual,
 author = {M. P. Jones},
 title = {Simplifying and improving qualified types},
 booktitle = {FPCA},
 year = {1995},                  
} 

@inproceedings{systemfg,
 author = {Siek, J. G.  and A. Lumsdaine},
 title = {Essential language support for generic programming},
 booktitle = {PLDI},
 year = {2005},                  
} 

@inproceedings{typecase_erasure,
 author = {K. Crary and S. Weirich and G. Morrisett},
 title = {Intensional polymorphism in type-erasure semantics},
 booktitle = {ICFP},
 year = {1998},                  
} 

@inproceedings{constructor_class,
 author = {M. P. Jones},
 title = {A system of constructor classes: overloading and implicit higher-order polymorphism},
 booktitle = {FPCA},
 year = {1993},                  
} 

@inproceedings{typefunc,
 author = {T. Schrijvers and Peyton Jones, S. L. and M. Chakravarty and M. Sulzmann},
 title = {Type checking with open type functions},
 booktitle = {ICFP},
 year = {2008},                  
} 

@techreport{qual_designspace,
 author = {M. P. Jones},
 title = {Exploring the Design Space for Type-based Implicit Parameterization},
 booktitle = {Supercomputing},
 year = {1997},                  
}

@inproceedings{qual,
 author = {M. P. Jones},
 title = {A Theory of Qualified Types},
 booktitle = {ESOP},
 year = {1992},                  
} 

@inproceedings{modular,
 author = {D. Dreyer and R. Harper and M. Chakravarty and G. Keller},
 title = {Modular type classes},
 booktitle = {POPL},
 year = {2007},                  
} 

@inproceedings{restricted,
 author = {J. Hughes},
 title = {Restricted Data Types in {H}askell},
 booktitle = {{H}askell},
 year = {1999},
}

@INPROCEEDINGS{gibbons03patternsin,
    author = {Gibbons, J.},
    title = {Patterns in Datatype-Generic Programming},
    booktitle = {The Fun of Programming, Cornerstones in Computing},
    year = {2003},
    publisher = {Palgrave}
}

@techreport{implicit_explicit,
 author = {A. Dijkstra and S. D. Swierstra},
 title = {Making Implicit Parameters Explicit},
 year = {2005},
 institution = {Utrecht University}
}

@techreport{stroustrup09concepts,
 author = {B. Stroustrup},
 title = {Simplifying the use of concepts},
 year = {2009},
 institution = {Technical Report N2906, ISO/IEC JTC 1 SC22 WG21},
}

@inproceedings{systemct,
 author = {C. Camar{\~a}o and L. Figueiredo},
 title = {Type Inference for Overloading without Restrictions, Declarations or Annotations},
 booktitle = {FLOPS},
 year = {1999},
}

@inproceedings{implicit_param,
 author = {J. Lewis and J. Launchbury and E. Meijer and M. Shields},
 title = {Implicit parameters: dynamic scoping with static types},
 booktitle = {POPL},
 year = {2000},
}

@inproceedings{compile_typecase,
 author = {R. Harper and G. Morrisett},
 title = {Compiling polymorphism using intensional type analysis},
 booktitle = {POPL},
 year = {1995},
} 

@article{derivable,
title = "Derivable Type Classes",
journal = "Electronic Notes in Theoretical Computer Science",
volume = "41",
number = "1",
pages = "5 - 35",
year = "2001",
author = "R. Hinze and Peyton Jones, S. L."
}

@inproceedings{trifonov03simulating,
 author = {Trifonov, V.},
 title = {Simulating quantified class constraints},
 booktitle = {{H}askell},
 year = {2003}
} 



@Unpublished{odersky06poor,
  author =       {M. Odersky},
  title =        {Poor Man's Type Classes},
  institution =  {EPFL Lausanne, Switzerland},
  year =         2006,
  month =        {July},
  note = 	 {\url{http://lamp.epfl.ch/~odersky/talks/wg2.8-boston06.pdf}},
  number =       {IC/2006/001}
}

@inproceedings{kaes,
 author = {S. Kaes},
 title = {Parametric Overloading in Polymorphic Programming Languages},
 booktitle = {ESOP},
 year = {1988},
}

@INPROCEEDINGS{javagi,
    author = {S. Wehr and R. L{\"a}mmel and P. Thiemann},
    title = {Javagi: Generalized interfaces for java},
    booktitle = {ECOOP},
    year = {2007},
}

@article{tchaskell,
 author = {C. V. Hall and K. Hammond and Peyton Jones, S. L. and P. L. Wadler},
 title = {Type classes in {H}askell},
 journal = {TOPLAS},
 volume = {18(2)},
 year = {1996},
} 

@book{coherence_qual,
 author = {M. P. Jones},
 title = {Qualified types: theory and practice},
 year = {1995},
 publisher = {Cambridge University Press},
} 

@inproceedings{named_instance,
 author = {W. Kahl and J. Scheffczyk},
 title = {Named Instances for {H}askell Type Classes},
 year = {2001},
 booktitle = {{H}askell Workshop},
}

@inproceedings{designspace,
 author = {Peyton Jones, S. L. and M. P. Jones and E. Meijer},
 title = {Type classes: exploring the design space},
 year = {1997},
 booktitle = {{H}askell Workshop},
}

@misc{scala,
 author = {M. Odersky},
 title = {The {S}cala Language Specification, Version 2.8},
 year = 2010,
 publisher = {EPFL},
 url = {http://www.scala-lang.org/docu/files/ScalaReference.pdf},
}

@misc{ghc,
 author = {S. L. Peyton Jones, S. Marlow, et al.},
 title = {The {G}lasgow {H}askell Compiler},
 year = 2009,
 url = {http://www.haskell.org/ghc},
}

@inproceedings{orchard:2010:flops,
  author = {D. Orchard and T. Schrijvers},
  title = {{H}askell type constraints unleashed},
  booktitle = {FLOPS},
  year = {2010},
}

@phdthesis{xi:gadts,
  author = {H. Xi},
  title  = {Dependent Types in Practical Programming},
  school = {Carnegie Mellon University}, 
  year   = 1998,
}

@article{scalageneric,
  author    = {Oliveira, B. C. d. S. and J. Gibbons},
  title     = {Scala for generic programmers},
  journal   = {Journal of Functional Programming},
  volume    = {20},
  year      = {2010},
}

@techreport{sulzmann:gadts:herbrand,
  author = {M. Sulzmann and T. Schrijvers and P. J. Stuckey},
  title = {Type inference for {GADT}s via {H}erbrand constraint abduction},
  institution = {Department of Computer Science, K.U.Leuven},
  year = 2008,
  type = {CW Reports},
}

@inproceedings{rodriguez08comparing,
 author = {Rodriguez Yakushev, A. and Jeuring, J. and Jansson, P. and Gerdes, A. and Kiselyov, O. and Oliveira, B. C. d. S.},
 title = {Comparing libraries for generic programming in {H}askell},
 booktitle = {{H}askell Symposium},
 year = {2008}
} 


@inproceedings{schrijvers:outsidein,
  author = {T. Schrijvers and Peyton Jones, S. L. and M. Sulzmann and D. Vytiniotis},
  title = {Complete and decidable type inference for {GADT}s},
  booktitle = {ICFP},
  year = 2009
}

@article{vytiniotis:outsidein,
  title   = {\textsc{OutsideIn}(X): Modular type inference with local assumptions},
  author  = {D. Vytiniotis and Peyton Jones, S. L. and T. Schrijvers and M. Sulzmann},
  journal = {Journal of Functional Programming},
  year    = 2011,
  volume  = 21,
  number  = {4--5},
  pages   = {333--412},
} 

@inproceedings{qml,
 author = {C. V. Russo and D. Vytiniotis},
 title = {QML: explicit first-class polymorphism for ML},
 booktitle = {ML},
 year = {2009},
} 

@inproceedings{flexibletypes,
  author   = {D. Leijen},
  title    = {Flexible types: robust type inference for first-class polymorphism},
  booktitle= {POPL},
  year     = {2009},
}

@MastersThesis{mlf,
author     = {G. Scherer},
title      = {{E}xtending {MLF} with Higher-Order Types},
school     = {{\'E}cole {N}ormale {S}up{\'e}rieur de {Paris} and INRIA},
year       = {2010},
type       = {Master thesis},
month     = aug,
url        =
  {http://gallium.inria.fr/~remy/mlf/scherer@master2010:mlfomega.pdf}
}

@inproceedings{chain,
 author = {J. G. Morris and M. P. Jones},
 title = {Instance chains: type class programming without overlapping
                  instances},
 booktitle = {ICFP},
 year = {2010},
}

@inproceedings{let,
author = {D. Vytiniotis and Peyton Jones, S. L. and T. Schrijvers},
title = {Let should not be generalized},
booktitle = {TLDI},
year = {2010},
}

@inproceedings{parametricity,
  author = {J. Reynolds},
  title  = {Types, abstraction, and parametric polymorphism},
  booktitle = {Information Processing}, 
  year = {1983},
}

@INPROCEEDINGS{Wadler89theoremsfor,
    author = {P. L. Wadler},
    title = {Theorems for free!},
    booktitle = {FPCA},
    year = {1989},
}

@inproceedings{blame,
  author    = {A. Ahmed and R. B. Findler and Siek, J. G. and P. L. Wadler},
  year      = 2011, 
  title     = {Blame for all},
  booktitle = {POPL},
}

@article{fdchr,
  author = {M. Sulzmann and G. Duck and Peyton Jones, S. L. and P. J. Stuckey},
  title = {Understanding functional dependencies via {C}onstraint {H}andling {R}ules},
  journal = {Journal of Functional Programming},
  volume = {17},
  year = {2007},
}

@article{approve,
  author    = {J. Giesl and
               M. Raffelsieper and
               P. Schneider-Kamp and
               S. Swiderski and
               R. Thiemann},
  title     = {Automated termination proofs for {H}askell by term rewriting},
  journal   = {TOPLAS},
  volume    = {33(2)},
  year      = {2011},
}

@inproceedings{kowalski,
  author     = { R. Kowalski },
  title     = { Predicate Logic as a Programming Language},
  booktitle = {Proceedings of IFIP Congress}, 
  year      = {1974}
}

@article{resolution,
  author = {R. Kowalski and Donald and Kuehner}, 
  title  = {Linear Resolution with Selection Function},
  journal = {Artificial Intelligence}, 
  volume = {2},
  year   = 1971
} 

@inproceedings{Neubauer,
 author = {Neubauer, M. and Thiemann, P. and Gasbichler, M. and Sperber, M.},
 title = {Functional logic overloading},
 booktitle = {POPL},
 year = {2002},
} 

@article{constrained,
    author = {L. Cardelli and P.Wegner},
    title = {On understanding types, data abstraction, and polymorphism},
    journal = {ACM Computing Surveys, 1985},
}

@inproceedings{eisenberg,
 author = {Eisenberg, Richard A. and Vytiniotis, Dimitrios and Peyton Jones, Simon and Weirich, Stephanie},
 title = {Closed Type Families with Overlapping Equations},
 booktitle = {Proceedings of the 41st ACM SIGPLAN-SIGACT Symposium on Principles of Programming Languages},
 series = {POPL '14},
 year = {2014},
 isbn = {978-1-4503-2544-8},
 location = {San Diego, California, USA},
 pages = {671--683},
 numpages = {13},
 url = {http://doi.acm.org/10.1145/2535838.2535856},
 doi = {10.1145/2535838.2535856},
 acmid = {2535856},
 publisher = {ACM},
 address = {New York, NY, USA},
 keywords = {haskell, system fc, type families, type-level computation},
} 
