@inproceedings{syb,
 author = {L\"{a}mmel, Ralf and Jones, Simon Peyton},
 title = {Scrap your boilerplate: a practical design pattern for generic programming},
 booktitle = {Proceedings of the 2003 ACM SIGPLAN international workshop on Types in languages design and implementation},
 series = {TLDI '03},
 year = {2003},
 isbn = {1-58113-649-8},
 location = {New Orleans, Louisiana, USA},
 pages = {26--37},
 numpages = {12},
 url = {http://doi.acm.org/10.1145/604174.604179},
 doi = {http://doi.acm.org/10.1145/604174.604179},
 acmid = {604179},
 publisher = {ACM},
 address = {New York, NY, USA},
 keywords = {generic programming, rank-2 types, traversal, type cast},
} 

@inproceedings{assoctypes,
 author = {Chakravarty, Manuel M. T. and Keller, Gabriele and Jones, Simon Peyton and Marlow, Simon},
 title = {Associated types with class},
 booktitle = {Proceedings of the 32nd ACM SIGPLAN-SIGACT symposium on Principles of programming languages},
 series = {POPL '05},
 year = {2005}
} 

@inproceedings{assoctypes2,
 author = {Chakravarty, Manuel M. T. and Keller, Gabriele and Jones, Simon Peyton},
 title = {Associated type synonyms},
 booktitle = {Proceedings of the tenth ACM SIGPLAN international conference on Functional programming},
 series = {ICFP '05},
 year = {2005},
 pages = {241--253}
}

@inproceedings{fundeps,
 author = {Jones, Mark P.},
 title = {Type Classes with Functional Dependencies},
 booktitle = {Proceedings of the 9th European Symposium on Programming Languages and Systems},
 series = {ESOP '00},
 year = {2000},
 pages = {230--244}
}



@misc{quantified, 
 author = {Haskell II Committee},
 title = {Quantified contexts},
 note = {\url{http://www.haskell.org/haskellwiki/Quantified_contexts}}
}
                  
@inproceedings{sybclass,
 author = {L\"{a}mmel, Ralf and Jones, Simon Peyton},
 title = {Scrap your boilerplate with class: extensible generic functions},
 booktitle = {Proceedings of the tenth ACM SIGPLAN international conference on Functional programming},
 series = {ICFP '05},
 year = {2005},
 isbn = {1-59593-064-7},
 location = {Tallinn, Estonia},
 pages = {204--215},
 numpages = {12},
 url = {http://doi.acm.org/10.1145/1086365.1086391},
 doi = {http://doi.acm.org/10.1145/1086365.1086391},
 acmid = {1086391},
 publisher = {ACM},
 address = {New York, NY, USA},
 keywords = {extensibility, generic programming, recursive dictionaries, type classes, typecase},
}

@inproceedings{instanceargs,
 author = {Dominique Devriese and Frank Piessens},
 title = {On the Bright Side of Type Classes: Instance Arguments in Agda},
 booktitle = {Proceedings of the tenth ACM SIGPLAN international conference on Functional Programming},
 series = {ICFP '11},
 year = {2011}
}

@inproceedings{haftmann06constructive,
  author    = {Haftmann, F. and
               Wenzel, M.},
  title     = {Constructive Type Classes in {Isabelle}},
  booktitle = {TYPES},
  year      = {2006},
  pages     = {160-174}
}

@inproceedings{coqclasses,
 author = {Sozeau, Matthieu and Oury, Nicolas},
 title = {First-Class Type Classes},
 booktitle = {Proceedings of the 21st International Conference on Theorem Proving in Higher Order Logics},
 series = {TPHOLs '08},
 year = {2008},
 isbn = {978-3-540-71065-3},
 location = {Montreal, P.Q., Canada},
 pages = {278--293},
 numpages = {16},
 url = {http://dx.doi.org/10.1007/978-3-540-71067-7_23},
 doi = {http://dx.doi.org/10.1007/978-3-540-71067-7_23},
 acmid = {1459810},
 publisher = {Springer-Verlag},
 address = {Berlin, Heidelberg},
} 

@inproceedings{logic_over,
 author = {Neubauer, Matthias and Thiemann, Peter and Gasbichler, Martin and Sperber, Michael},
 title = {Functional logic overloading},
 booktitle = {Proceedings of the 29th ACM SIGPLAN-SIGACT symposium on Principles of programming languages},
 series = {POPL '02},
 year = {2002},
 isbn = {1-58113-450-9},
 location = {Portland, Oregon},
 pages = {233--244},
 numpages = {12},
 url = {http://doi.acm.org/10.1145/503272.503294},
 doi = {http://doi.acm.org/10.1145/503272.503294},
 acmid = {503294},
 publisher = {ACM},
 address = {New York, NY, USA},
}

@inproceedings{snd_over,
 author = {Odersky, Martin and Wadler, Philip and Wehr, Martin},
 title = {A second look at overloading},
 booktitle = {Proceedings of the seventh international conference on Functional programming languages and computer architecture},
 series = {FPCA '95},
 year = {1995},
 isbn = {0-89791-719-7},
 location = {La Jolla, California, United States},
 pages = {135--146},
 numpages = {12},
 url = {http://doi.acm.org/10.1145/224164.224195},
 doi = {http://doi.acm.org/10.1145/224164.224195},
 acmid = {224195},
 publisher = {ACM},
 address = {New York, NY, USA},
} 

@inproceedings{typeclasses_implicits,
 author = {Oliveira, Bruno C.d.S. and Moors, Adriaan and Odersky, Martin},
 title = {Type classes as objects and implicits},
 booktitle = {Proceedings of the ACM international conference on Object oriented programming systems languages and applications},
 series = {OOPSLA '10},
 year = {2010},
 isbn = {978-1-4503-0203-6},
 location = {Reno/Tahoe, Nevada, USA},
 pages = {341--360},
 numpages = {20},
 url = {http://doi.acm.org/10.1145/1869459.1869489},
 doi = {http://doi.acm.org/10.1145/1869459.1869489},
 acmid = {1869489},
 publisher = {ACM},
 address = {New York, NY, USA},
 keywords = {abstract datatypes, c++ concepts, scala, type classes},
} 

@inproceedings{theory_over,
 author = {Stuckey, Peter J. and Sulzmann, Martin},
 title = {A theory of overloading},
 booktitle = {Proceedings of the seventh ACM SIGPLAN international conference on Functional programming},
 series = {ICFP '02},
 year = {2002},
 isbn = {1-58113-487-8},
 location = {Pittsburgh, PA, USA},
 pages = {167--178},
 numpages = {12},
 url = {http://doi.acm.org/10.1145/581478.581495},
 doi = {http://doi.acm.org/10.1145/581478.581495},
 acmid = {581495},
 publisher = {ACM},
 address = {New York, NY, USA},
 keywords = {constraints, overloading, type classes, type inference},
}

@inproceedings{concepts,
 author = {Gregor, Douglas and J\"{a}rvi, Jaakko and Siek, Jeremy and Stroustrup, Bjarne and Dos Reis, Gabriel and Lumsdaine, Andrew},
 title = {Concepts: linguistic support for generic programming in C++},
 booktitle = {Proceedings of the 21st annual ACM SIGPLAN conference on Object-oriented programming systems, languages, and applications},
 series = {OOPSLA '06},
 year = {2006},
 pages = {291--310}
} 

@inproceedings{fg,
 author = {Siek, Jeremy G. and Lumsdaine, Andrew},
 title = {Essential language support for generic programming},
 booktitle = {Proceedings of the 2005 ACM SIGPLAN conference on Programming language design and implementation},
 series = {PLDI '05},
 year = {2005},
 isbn = {1-59593-056-6},
 location = {Chicago, IL, USA},
 pages = {73--84},
 numpages = {12},
 url = {http://doi.acm.org/10.1145/1065010.1065021},
 doi = {http://doi.acm.org/10.1145/1065010.1065021},
 acmid = {1065021},
 publisher = {ACM},
 address = {New York, NY, USA},
 keywords = {C++, Haskell, generic programming, polymorphism, standard ML},
} 

@article{G,
 author = {Siek, Jeremy G. and Lumsdaine, Andrew},
 title = {A language for generic programming in the large},
 journal = {Sci. Comput. Program.},
 volume = {76},
 issue = {5},
 month = {May},
 year = {2011}
} 



@inproceedings{semantics_typeclass,
 author = {Thatt\'{e}, Satish R.},
 title = {Semantics of type classes revisited},
 booktitle = {Proceedings of the 1994 ACM conference on LISP and functional programming},
 series = {LFP '94},
 year = {1994},
 isbn = {0-89791-643-3},
 location = {Orlando, Florida, United States},
 pages = {208--219},
 numpages = {12},
 url = {http://doi.acm.org/10.1145/182409.182459},
 doi = {http://doi.acm.org/10.1145/182409.182459},
 acmid = {182459},
 publisher = {ACM},
 address = {New York, NY, USA},
} 

@inproceedings{adhoc,
 author = {Wadler, P. and Blott, S.},
 title = {How to make ad-hoc polymorphism less ad hoc},
 booktitle = {Proceedings of the 16th ACM SIGPLAN-SIGACT symposium on Principles of programming languages},
 series = {POPL '89},
 year = {1989},
 isbn = {0-89791-294-2},
 location = {Austin, Texas, United States},
 pages = {60--76},
 numpages = {17},
 url = {http://doi.acm.org/10.1145/75277.75283},
 doi = {http://doi.acm.org/10.1145/75277.75283},
 acmid = {75283},
 publisher = {ACM},
 address = {New York, NY, USA},
} 

@inproceedings{simpl_qual,
 author = {Jones, Mark P.},
 title = {Simplifying and improving qualified types},
 booktitle = {Proceedings of the seventh international conference on Functional programming languages and computer architecture},
 series = {FPCA '95},
 year = {1995},
 isbn = {0-89791-719-7},
 location = {La Jolla, California, United States},
 pages = {160--169},
 numpages = {10},
 url = {http://doi.acm.org/10.1145/224164.224198},
 doi = {http://doi.acm.org/10.1145/224164.224198},
 acmid = {224198},
 publisher = {ACM},
 address = {New York, NY, USA},
} 

@inproceedings{systemfg,
 author = {Siek, Jeremy G. and Lumsdaine, Andrew},
 title = {Essential language support for generic programming},
 booktitle = {Proceedings of the 2005 ACM SIGPLAN conference on Programming language design and implementation},
 series = {PLDI '05},
 year = {2005},
 isbn = {1-59593-056-6},
 location = {Chicago, IL, USA},
 pages = {73--84},
 numpages = {12},
 url = {http://doi.acm.org/10.1145/1065010.1065021},
 doi = {http://doi.acm.org/10.1145/1065010.1065021},
 acmid = {1065021},
 publisher = {ACM},
 address = {New York, NY, USA},
 keywords = {C++, Haskell, generic programming, polymorphism, standard ML},
} 

@inproceedings{typecase_erasure,
 author = {Crary, Karl and Weirich, Stephanie and Morrisett, Greg},
 title = {Intensional polymorphism in type-erasure semantics},
 booktitle = {Proceedings of the third ACM SIGPLAN international conference on Functional programming},
 series = {ICFP '98},
 year = {1998},
 isbn = {1-58113-024-4},
 location = {Baltimore, Maryland, United States},
 pages = {301--312},
 numpages = {12},
 url = {http://doi.acm.org/10.1145/289423.289459},
 doi = {http://doi.acm.org/10.1145/289423.289459},
 acmid = {289459},
 publisher = {ACM},
 address = {New York, NY, USA},
} 

@inproceedings{constructor_class,
 author = {Jones, Mark P.},
 title = {A system of constructor classes: overloading and implicit higher-order polymorphism},
 booktitle = {Proceedings of the conference on Functional programming languages and computer architecture},
 series = {FPCA '93},
 year = {1993},
 isbn = {0-89791-595-X},
 location = {Copenhagen, Denmark},
 pages = {52--61},
 numpages = {10},
 url = {http://doi.acm.org/10.1145/165180.165190},
 doi = {http://doi.acm.org/10.1145/165180.165190},
 acmid = {165190},
 publisher = {ACM},
 address = {New York, NY, USA},
} 

@inproceedings{typefunc,
 author = {Schrijvers, Tom and Peyton Jones, Simon and Chakravarty, Manuel and Sulzmann, Martin},
 title = {Type checking with open type functions},
 booktitle = {Proceeding of the 13th ACM SIGPLAN international conference on Functional programming},
 series = {ICFP '08},
 year = {2008},
 pages = {51--62}
} 

@techreport{qual_designspace,
 author = {Mark P. Jones},
 title = {Exploring the Design Space for Type-based Implicit Parameterization},
 institution = {Proceedings of Supercomputing '97},
 year = {1999}
}

@inproceedings{implicits,
 author = {Oliveira, Bruno C. d. S. and Moors, Adriaan and Odersky, Martin},
 title = {Type classes as objects and implicits},
 booktitle = {Proceedings of the ACM international conference on Object oriented programming systems languages and applications},
 series = {OOPSLA '10},
 year = {2010},
 pages = {341--360}
} 

@INPROCEEDINGS{exploring,
    author = {Simon Peyton Jones and Mark Jones and Erik Meijer},
    title = {Type Classes: An Exploration of the Design Space},
    booktitle = {In Haskell Workshop},
    year = {1997}
}


@inproceedings{qual,
 author = {Jones, Mark P.},
 title = {A Theory of Qualified Types},
 booktitle = {Proceedings of the 4th European Symposium on Programming},
 year = {1992},
 isbn = {3-540-55253-7},
 pages = {287--306},
 numpages = {20},
 url = {http://portal.acm.org/citation.cfm?id=645389.651609},
 acmid = {651609},
 publisher = {Springer-Verlag},
 address = {London, UK},
} 

@inproceedings{modular,
 author = {Dreyer, Derek and Harper, Robert and Chakravarty, Manuel M. T. and Keller, Gabriele},
 title = {Modular type classes},
 booktitle = {Proceedings of the 34th annual ACM SIGPLAN-SIGACT symposium on Principles of programming languages},
 series = {POPL '07},
 year = {2007},
 isbn = {1-59593-575-4},
 location = {Nice, France},
 pages = {63--70},
 numpages = {8},
 url = {http://doi.acm.org/10.1145/1190216.1190229},
 doi = {http://doi.acm.org/10.1145/1190216.1190229},
 acmid = {1190229},
 publisher = {ACM},
 address = {New York, NY, USA},
 keywords = {modules, type classes, type inference, type systems},
} 

@inproceedings{restricted,
 author = {John Hughes},
 title = {Restricted Data Types in {H}askell},
 booktitle = {Proceedings of the 1999 Haskell Workshop},
 year = {1999}
}

@misc{implicit_explicit,
 author = {Atze Dijkstra and S. Doaitse Swierstra},
 title = { Making Implicit Parameters Explicit},
 year = {2005}
}

@inproceedings{systemct,
 author = {Camar\~{a}o, Carlos and Figueiredo, Luc\'{\i}lia},
 title = {Type Inference for Overloading without Restrictions, Declarations or Annotations},
 booktitle = {Proceedings of the 4th Fuji International Symposium on Functional and Logic Programming},
 year = {1999},
 isbn = {3-540-66677-X},
 pages = {37--52},
 numpages = {16},
 url = {http://portal.acm.org/citation.cfm?id=646189.683411},
 acmid = {683411},
 publisher = {Springer-Verlag},
 address = {London, UK},
}

@inproceedings{implicit_param,
 author = {Lewis, Jeffrey R. and Launchbury, John and Meijer, Erik and Shields, Mark B.},
 title = {Implicit parameters: dynamic scoping with static types},
 booktitle = {Proceedings of the 27th ACM SIGPLAN-SIGACT symposium on Principles of programming languages},
 series = {POPL '00},
 year = {2000},
 isbn = {1-58113-125-9},
 location = {Boston, MA, USA},
 pages = {108--118},
 numpages = {11},
 url = {http://doi.acm.org/10.1145/325694.325708},
 doi = {http://doi.acm.org/10.1145/325694.325708},
 acmid = {325708},
 publisher = {ACM},
 address = {New York, NY, USA},
}

@inproceedings{Nipkow:1993:TCT:158511.158698,
 author = {Nipkow, Tobias and Prehofer, Christian},
 title = {Type checking type classes},
 booktitle = {Proceedings of the 20th ACM SIGPLAN-SIGACT symposium on Principles of programming languages},
 series = {POPL '93},
 year = {1993},
 isbn = {0-89791-560-7},
 location = {Charleston, South Carolina, United States},
 pages = {409--418},
 numpages = {10},
 url = {http://doi.acm.org/10.1145/158511.158698},
 doi = {http://doi.acm.org/10.1145/158511.158698},
 acmid = {158698},
 publisher = {ACM},
 address = {New York, NY, USA},
}

@inproceedings{Nipkow:1991:TCO:127960.128029,
 author = {Nipkow, Tobias and Snelting, Gregor},
 title = {Type classes and overloading resolution via order-sorted unification},
 booktitle = {Proceedings of the 5th ACM conference on Functional programming languages and computer architecture},
 year = {1991},
 isbn = {0-387-54396-1},
 location = {Cambridge, Massachusetts, United States},
 pages = {1--14},
 numpages = {14},
 url = {http://portal.acm.org/citation.cfm?id=127960.128029},
 acmid = {128029},
 publisher = {Springer-Verlag New York, Inc.},
 address = {New York, NY, USA},
} 

@article{oohaskell,
 author = {Mark Shields and Simon L. Peyton Jones},
 title = {Object-Oriented Style Overloading for {H}askell},
 journal = {Theoretical Computer Science},
 volume = {59},
 masid = {87814}
}

@inproceedings{encode_typecase,
 author = {Weirich, Stephanie},
 title = {Encoding Intensional Type Analysis},
 booktitle = {Proceedings of the 10th European Symposium on Programming Languages and Systems},
 series = {ESOP '01},
 year = {2001},
 isbn = {3-540-41862-8},
 pages = {92--106},
 numpages = {15},
 url = {http://portal.acm.org/citation.cfm?id=645395.651943},
 acmid = {651943},
 publisher = {Springer-Verlag},
 address = {London, UK},
}

@inproceedings{compile_typecase,
 author = {Harper, Robert and Morrisett, Greg},
 title = {Compiling polymorphism using intensional type analysis},
 booktitle = {Proceedings of the 22nd ACM SIGPLAN-SIGACT symposium on Principles of programming languages},
 series = {POPL '95},
 year = {1995},
 isbn = {0-89791-692-1},
 location = {San Francisco, California, United States},
 pages = {130--141},
 numpages = {12},
 url = {http://doi.acm.org/10.1145/199448.199475},
 doi = {http://doi.acm.org/10.1145/199448.199475},
 acmid = {199475},
 publisher = {ACM},
 address = {New York, NY, USA},
} 

@misc{derivable,
 author = {Ralf Hinze and Simon Peyton Jones},
 title = {Derivable Type Classes},
 year = {2000}
}

@inproceedings{kaes,
 author = {Kaes, Stefan},
 title = {Parametric Overloading in Polymorphic Programming Languages},
 booktitle = {Proceedings of the 2nd European Symposium on Programming},
 year = {1988},
 isbn = {3-540-19027-9},
 pages = {131--144},
 numpages = {14},
 url = {http://portal.acm.org/citation.cfm?id=645387.651547},
 acmid = {651547},
 publisher = {Springer-Verlag},
 address = {London, UK},
}

@INPROCEEDINGS{javagi,
    author = {Stefan Wehr and Ralf Lämmel and Peter Thiemann},
    title = {Javagi: Generalized interfaces for java},
    booktitle = {In: ECOOP 2007, Proceedings. LNCS, Springer-Verlag (2007) 25},
    year = {2007},
    pages = {347--372},
    publisher = {Springer-Verlag}
}

@article{hmx,
 author = {Odersky, Martin and Sulzmann, Martin and Wehr, Martin},
 title = {Type inference with constrained types},
 journal = {Theor. Pract. Object Syst.},
 volume = {5},
 issue = {1},
 month = {January},
 year = {1999},
 issn = {1074-3227},
 pages = {35--55},
 numpages = {21},
 url = {http://portal.acm.org/citation.cfm?id=308181.308203},
 doi = {10.1002/(SICI)1096-9942(199901/03)5:1<35::AID-TAPO4>3.0.CO;2-4},
 acmid = {308203},
 publisher = {John Wiley \& Sons, Inc.},
 address = {New York, NY, USA},
} 

@article{tchaskell,
 author = {Hall, Cordelia V. and Hammond, Kevin and Peyton Jones, Simon L. and Wadler, Philip L.},
 title = {Type classes in Haskell},
 journal = {ACM Trans. Program. Lang. Syst.},
 volume = {18},
 issue = {2},
 year = {1996},
 pages = {109--138}
} 

@inproceedings{coherence_qual,
 author = {Mark P. Jones},
 title = {Coherence for Qualified Types},
 year = {1993},
}

@inproceedings{named_instance,
 author = {Wolfram Kahl and et al.},
 title = {Named Instances for {H}askell Type Classes},
 year = {2001},
 booktitle = {Proceedings of the 2001 Haskell Workshop},
}

@inproceedings{designspace,
 author = {Simon Peyton Jones and Mark P. Jones and Erik Meijer},
 title = {Type classes: exploring the design space},
 year = {1997},
 booktitle = {Proceedings of the 1997 Haskell Workshop},
}

@inproceedings{without,
 author = {Ronald Garcia and Andrew Lumsdaine},
 title = {Type Classes without Types},
 year = {2005},
 booktitle = {Proceedings of the Sixth Workshop on Scheme and Functional Programming},
}

@misc{scala,
 author = {Martin Odersky},
 title = {The {S}cala Language Specification, Version 2.8},
 year = 2010,
 publisher = {EPFL},
 url = {http://www.scala-lang.org/docu/files/ScalaReference.pdf},
}

@misc{ghc,
 author = {S. Peyton Jones, S. Marlow, et al.},
 title = {The {G}lasgow {H}askell Compiler},
 year = 2009,
 url = {http://www.haskell.org/ghc},
}

@article{outsidein,
    author = {Dimitrios Vytiniotis and Simon Peyton Jones and Tom Schrijvers and Martin Sulzmann},
    title = {\textsc{OutsideIn}(X): Modular type inference with local assumptions},
    journal = {Journal of Functional Programming},
    publisher = {Cambridge University Press},
    year = {2011}
}

@inproceedings{orchard:2010:flops,
  author = {Orchard, Dominic and Schrijvers, Tom},
  title = {Haskell type constraints unleashed},
  booktitle = {FLOPS 2010, Lecture Notes in Computer Science},
  year = {2010},
  pages = {56-71},
  publisher = {Springer}
}

@phdthesis{xi:gadts,
  author = {Hongwei Xi},
  title  = {Dependent Types in Practical Programming},
  school = {Carnegie Mellon University}, 
  year   = 1998,
}

@article{scalageneric,
  author    = {Bruno C. d. S. Oliveira and
               Jeremy Gibbons},
  title     = {Scala for generic programmers},
  journal   = {J. Funct. Program.},
  volume    = {20},
  number    = {3-4},
  year      = {2010},
  pages     = {303-352},
  ee        = {http://dx.doi.org/10.1017/S0956796810000171},
  bibsource = {DBLP, http://dblp.uni-trier.de}
}


@inproceedings{overloadingCamarao,
  author    = {Carlos Camar{\~a}o and
               Luc\'{\i}lia Figueiredo},
  title     = {Type Inference for Overloading without Restrictions, Declarations
               or Annotations},
  booktitle = {Fuji International Symposium on Functional and Logic Programming},
  year      = {1999},
  pages     = {37-52},
  crossref  = {DBLP:conf/flops/1999},
  bibsource = {DBLP, http://dblp.uni-trier.de}
}


@techreport{sulzmann:gadts:herbrand,
  author = {Sulzmann, Martin and Schrijvers, Tom and Stuckey, Peter J.},
  title = {Type inference for {GADT}s via {H}erbrand constraint abduction},
  institution = {Department of Computer Science, K.U.Leuven},
  year = {2008},
  type = {CW Reports},
  number = {CW507}
}

@article{schrijvers:outsidein,
  author = {Schrijvers, Tom and Peyton Jones, Simon and Sulzmann, Martin and Vytiniotis, Dimitrios},
  title = {Complete and decidable type inference for {GADT}s},
  journal = {ACM Sigplan Notices},
  year = {2009},
  volume = {44},
  number = {9},
  pages = {341-352}
}

@article{vytiniotis:outsidein,
  title   = {\textsc{OutsideIn}(X): Modular type inference with local assumptions},
  author  = {Dimitrios Vytiniotis and Simon Peyton Jones and Tom Schrijvers and Martin Sulzmann},
  journal = {Journal of Functional Programming},
  year    = 2011,
  note    = {to appear},
} 

@inproceedings{qml,
 author = {Russo, Claudio V. and Vytiniotis, Dimitrios},
 title = {QML: explicit first-class polymorphism for ML},
 booktitle = {Proceedings of the 2009 ACM SIGPLAN workshop on ML},
 series = {ML '09},
 year = {2009},
 isbn = {978-1-60558-509-3},
 location = {Edinburgh, Scotland},
 pages = {3--14},
 numpages = {12},
 url = {http://doi.acm.org/10.1145/1596627.1596630},
 doi = {http://doi.acm.org/10.1145/1596627.1596630},
 acmid = {1596630},
 publisher = {ACM},
 address = {New York, NY, USA},
 keywords = {impredicativity, polymorphism, type inference},
} 

@INPROCEEDINGS{flexibletypes,
  author   = {Daan Leijen},
  title    = {Flexible types: robust type inference for first-class polymorphism},
  booktitle= {{36th ACM SIGACT-SIGPLAN Symposium on Principles of Programming Languages (POPL'09)}},
  year     = 2009,
  month    = Jan,
  location = {Savannah, Georgia},
  note     = {Extended version available as Microsoft Research technical report {MSR-TR-2008-55}, Mar 2008}
}

@MastersThesis{mlf,
author     = {Gabriel Scherer},
title      = {{E}xtending {MLF} with Higher-Order Types},
school     = {{\'E}cole {N}ormale {S}up{\'e}rieur de {Paris} and INRIA},
year       = {2010},
type       = {Master thesis},
month     = aug,
url        =
  {http://gallium.inria.fr/~remy/mlf/scherer@master2010:mlfomega.pdf}
}

@inproceedings{chain,
 author = {Morris, J. Garrett and Jones, Mark P.},
 title = {Instance chains: type class programming without overlapping
                  instances},
 booktitle = {Proceedings of the 15th ACM SIGPLAN international
                  conference on Functional programming},
 series = {ICFP '10},
 year = {2010},
 isbn = {978-1-60558-794-3},
 location = {Baltimore, Maryland, USA},
 pages = {375--386},
 numpages = {12},
 publisher = {ACM},
 address = {New York, NY, USA},
}

@inproceedings{let,
author = {Dimitrios Vytiniotis and Simon L. Peyton Jones and Tom Schrijvers},
title = {Let should not be generalized},
booktitle = {Types In Languages Design And Implementation},
year = {2010},
pages = {39--50},
doi = {10.1145/1708016.1708023},
masid = {6115915}
}

@inproceedings{parametricity,
  author = {John Reynolds},
  title  = {Types, abstraction, and parametric polymorphism},
  editor = { R. E. A. Mason}, 
  booktitle = {Information Processing}, 
  pages     = {513–-523},
  publisher = {North-Holland}, 
  year = 1983
}

@INPROCEEDINGS{Wadler89theoremsfor,
    author = {Philip Wadler},
    title = {Theorems for free!},
    booktitle = {Functional Programming Languages and Computer Architecture},
    year = {1989},
    pages = {347--359},
    publisher = {ACM Press}
}

@inproceedings{Thatte94,
  author    = {Satish R. Thatte},
  title     = {Semantics of Type Classes Revisited},
  booktitle = {LISP and Functional Programming},
  year      = {1994},
  pages     = {208-219},
  ee        = {http://doi.acm.org/10.1145/182409.182459},
  bibsource = {DBLP, http://dblp.uni-trier.de}
}

@inproceedings{blame,
  author    = {Amal Ahmed and Robert Bruce Findler and Jeremy G. Siek and Philip Wadler},
  year      = 2011, 
  title     = {Blame for all},
  booktitle = {Principles of programming languages (POPL '11)},
  publisher = {ACM, New York}, 
  pages     = {201--214}
}

@article{fdchr,
  author = {Martin Sulzmann and Gregory J. Duck and Simon L. Peyton Jones and Peter J. Stuckey},
  title = {Understanding functional dependencies via {C}onstraint {H}andling {R}ules},
  journal = {Journal of Functional Programming},
  volume = {17},
  year = {2007},
  pages = {83--129},
  doi = {10.1017/S0956796806006137},
  masid = {2508115}
}

@article{approve,
  author    = {J{\"u}rgen Giesl and
               Matthias Raffelsieper and
               Peter Schneider-Kamp and
               Stephan Swiderski and
               Ren{\'e} Thiemann},
  title     = {Automated termination proofs for {H}askell by term rewriting},
  journal   = {ACM Trans. Program. Lang. Syst.},
  volume    = {33},
  number    = {2},
  year      = {2011},
  pages     = {7},
}

